@misc{web:Reddit,
  title = {Reddit},
  author = {Reddit},
  year = {},
  note = {Last accessed 4 May 2023},
  url = {https://www.reddit.com/dev/api/}
}

@misc{web:Etherscan,
  title = {Etherscan},
  author = {Etherscan},
  year = {},
  note = {Last accessed 4 May 2023},
  url = {https://etherscan.io/apis}
}

@misc{web:Newsapi,
  title = {Newsapi},
  author = {Newsapi},
  year = {},
  note = {Last accessed 4 May 2023},
  url = {https://newsapi.org/}
}

@misc{web:GoogleTrends,
  title = {GoogleTrends},
  author = {Google},
  year = {},
  note = {Last accessed 4 May 2023},
  url = {https://trends.google.com/trends/explore?date=2013-01-10\%202023-05-04&geo=GB&q=Crypto,\%2Fm\%2F0vpj4_b,\%2Fm\%2F05p0rrx,\%2Fm\%2F0108bn2x&hl=en-GB}
}

@article{vijayarani2015preprocessing,
  title={Preprocessing techniques for text mining-an overview},
  author={Vijayarani, S and Ilamathi, Ms J and Nithya, Ms and others},
  journal={International Journal of Computer Science \& Communication Networks},
  volume={5},
  number={1},
  pages={7--16},
  year={2015}
}

@misc{web:Nltk,
  title = {Nltk},
  author = {Nltk},
  year = {},
  note = {Last accessed 4 May 2023},
  url = {https://www.nltk.org/}
}

@article{jivani2011comparative,
  title={A comparative study of stemming algorithms},
  author={Jivani, Anjali Ganesh and others},
  journal={Int. J. Comp. Tech. Appl},
  volume={2},
  number={6},
  pages={1930--1938},
  year={2011}
}

@inproceedings{plisson2004rule,
  title={A rule based approach to word lemmatization},
  author={Plisson, Jo{\"e}l and Lavrac, Nada and Mladenic, Dunja and others},
  booktitle={Proceedings of IS},
  volume={3},
  pages={83--86},
  year={2004}
}

@article{pons2007topic,
  title={Topic discovery based on text mining techniques},
  author={Pons-Porrata, Aurora and Berlanga-Llavori, Rafael and Ruiz-Shulcloper, Jos{\'e}},
  journal={Information processing \& management},
  volume={43},
  number={3},
  pages={752--768},
  year={2007},
  publisher={Elsevier}
}

@misc{web:Gensim,
  title = {Gensim},
  author = {Gensim},
  year = {},
  note = {Last accessed 4 May 2023},
  url = {https://radimrehurek.com/gensim_3.8.3/summarization/summariser.html}
}

@misc{web:Code,
  title = {Code on GitHub},
  author = {Zan Zver},
  year = {},
  note = {Last accessed 4 May 2023},
  url = {https://github.com/ZanZver/SocialMediaAnalyticsCoursework}
}
